<record><leader>00000cas a2200000 a 4500</leader><controlfield tag="001">10843707</controlfield><controlfield tag="008">840614d18361903nhuwr ne      0    0eng c</controlfield><datafield ind1=" " ind2=" " tag="010"><subfield code="a">sn 84023363 </subfield></datafield><datafield ind1=" " ind2=" " tag="040"><subfield code="a">AQM</subfield><subfield code="b">eng</subfield><subfield code="c">AQM</subfield><subfield code="d">NPX</subfield><subfield code="d">DLC</subfield><subfield code="d">NPY</subfield><subfield code="d">NPA</subfield><subfield code="d">PPM</subfield><subfield code="d">YOX</subfield><subfield code="d">NLG</subfield><subfield code="d">NVH</subfield><subfield code="d">FUG</subfield><subfield code="d">NVF</subfield><subfield code="d">HLS</subfield><subfield code="d">OCL</subfield><subfield code="d">NYS</subfield><subfield code="d">DLC</subfield><subfield code="d">KRTAS</subfield><subfield code="d">OCLCQ</subfield><subfield code="d">OCLCF</subfield><subfield code="d">OCLCO</subfield><subfield code="d">AQM</subfield></datafield><datafield ind1="1" ind2=" " tag="029"><subfield code="a">AU@</subfield><subfield code="b">000004328187</subfield></datafield><datafield ind1=" " ind2=" " tag="042"><subfield code="a">pcc</subfield></datafield><datafield ind1=" " ind2=" " tag="043"><subfield code="a">n-us-nh</subfield></datafield><datafield ind1="0" ind2="0" tag="050"><subfield code="a">Newspaper 8759</subfield></datafield><datafield ind1="0" ind2=" " tag="130"><subfield code="a">Portsmouth journal of literature &amp; politics (Portsmouth, N.H. : 1836)</subfield></datafield><datafield ind1="1" ind2="4" tag="245"><subfield code="a">The Portsmouth journal of literature &amp; politics.</subfield></datafield><datafield ind1="3" ind2=" " tag="246"><subfield code="a">Portsmouth journal of literature and politics</subfield></datafield><datafield ind1=" " ind2=" " tag="260"><subfield code="a">Portsmouth, N.H. :</subfield><subfield code="b">C.W. Brewster,</subfield><subfield code="c">1836-1903.</subfield></datafield><datafield ind1=" " ind2=" " tag="300"><subfield code="a">66 v.</subfield></datafield><datafield ind1=" " ind2=" " tag="310"><subfield code="a">Weekly</subfield></datafield><datafield ind1="0" ind2=" " tag="362"><subfield code="a">Vol. 47, no. 33 (Aug. 13, 1836)-v. 113, no. 20 (May 16, 1903).</subfield></datafield><datafield ind1=" " ind2=" " tag="530"><subfield code="a">Also issued on microfilm from Readex Microprint Corp., New Canaan, Conn., and the Library of Congress, Photoduplication Service.</subfield></datafield><datafield ind1=" " ind2=" " tag="580"><subfield code="a">Great Falls ed.: Portsmouth &amp; Great-Falls journal of literature &amp; politics, 1836-1838.</subfield></datafield><datafield ind1=" " ind2="0" tag="651"><subfield code="a">Portsmouth (N.H.)</subfield><subfield code="v">Newspapers.</subfield></datafield><datafield ind1=" " ind2="0" tag="651"><subfield code="a">Rockingham County (N.H.)</subfield><subfield code="v">Newspapers.</subfield></datafield><datafield ind1=" " ind2="7" tag="651"><subfield code="a">New Hampshire</subfield><subfield code="z">Portsmouth.</subfield><subfield code="2">fast</subfield><subfield code="0">(OCoLC)fst01207640</subfield></datafield><datafield ind1=" " ind2="7" tag="651"><subfield code="a">New Hampshire</subfield><subfield code="z">Rockingham County.</subfield><subfield code="2">fast</subfield><subfield code="0">(OCoLC)fst01211980</subfield></datafield><datafield ind1=" " ind2="7" tag="655"><subfield code="a">Newspapers.</subfield><subfield code="2">fast</subfield><subfield code="0">(OCoLC)fst01423814</subfield></datafield><datafield ind1=" " ind2="7" tag="655"><subfield code="a">Newspapers.</subfield><subfield code="2">rbgenr</subfield></datafield><datafield ind1=" " ind2=" " tag="752"><subfield code="a">United States</subfield><subfield code="b">New Hampshire</subfield><subfield code="c">Rockingham</subfield><subfield code="d">Portsmouth.</subfield></datafield><datafield ind1="1" ind2=" " tag="775"><subfield code="a">Portsmouth &amp; Great-Falls journal of literature &amp; politics</subfield><subfield code="w">(DLC)sn 90062635</subfield><subfield code="w">(OCoLC)22973305</subfield></datafield><datafield ind1="0" ind2="0" tag="780"><subfield code="t">Portsmouth journal of literature &amp; politics Rockingham gazette &amp; state herald</subfield><subfield code="w">(DLC)sn 84020487</subfield><subfield code="w">(OCoLC)10939862</subfield></datafield><datafield ind1=" " ind2=" " tag="938"><subfield code="a">Kirtas Technologies, Inc.</subfield><subfield code="b">KRTS</subfield><subfield code="n">738511</subfield></datafield></record>